@Misc{W3XML,
  author =       "{World Wide Web Consorcium}",
  title =        "Extensive Markup Language (XML) 1.0",
  url =          "http://www.w3.org/TR/2000/REC-xml-20001006",
}


@Misc{SAX,
  title =        "SAX: A Simple API for XML",
  url =          "http://www.saxproject.org",
  key =          "SAX"
}

@Misc{Expat,
  title =        "Expat XML Parser",
  url =          "http://expat.sourceforge.net",
  key =          "Expat"
}


@Misc{XMLSolutions,
  author =       "{XML Solutions}",
  url =          "http://www.xmls.com"
}

@Misc{ICT,
  author =       "{Intelligent Compression Technologies}",
  title =        "XML-Xpress",
  url =          "http://www.ictcompress.com/products_xmlxpress.html"
}

@Misc{WAPForum,
  author =       "{Wireless Access Protocol Forum}",
  title =        "Binary XML Content Format Specification",
  url =          "http://www.wapforum.org"
}

@inproceedings{Liefke-00,
  author =       "H. Liefke and D. Suciu",
  title =        "XMill: an Efficient Compressor for XML Data",
  booktitle =    "Proceedings of 2000 ACM SIGMOD Conference",
  pages =         "153--164",
  year =         "2000"
}

@Book{Bradley-98,
  author =       "Neal Bradley",
  title =        "The XML Companion",
  publisher =    "Addison Wesley, Pearsons Education Limited",
  year =         "1998",
}

@Book{Means-02,
  author =       "E. R. Harold and W. S. Means",
  title =        "XML in a Nutshell Second Edition",
  publisher =    "O'Reilly \& Associates",
  year =         "2002"
}

@Book{Kosek-00,
  author =       "J. Kosek",
  title =        "XML pro ka¾dého",
  publisher =    "Grada Publishing",
  address =      "Prague",
  year =         "2000",
  note =         "In Czech"
}



@SurveyReport{Melichar-94,
  author =       "B. Melichar and J. Pokorný",
  title =        "Data Compression. (Revised version of the report DC-92-04)",
  institution =  "Department of Computers, Czech Technical University",
  pages =        "55",
  number =       "DC-94-07",
  year =         "1994"
}


@Article{Kieffer-00a,
  author =       "J. C. Kieffer and E.-H. Yang",
  title =        "Grammar Based Codes: A New Class of Universal Lossless Source Codes",
  journal =      "IEEE Transactions on Information Theory",
  volume =       "46",
  pages =        "737--754",
  year =         "2000"
}

@Article{Kieffer-00b,
  author =       "J. C. Kieffer and E.-H. Yang",
  title =        "Efficient Universal Lossless Data Compression Algorithms Based on a Greedy Sequential Grammar Transform -- Part One: Without Context Models",
  journal =      "IEEE Transactions on Information Theory",
  volume =       "46",
  pages =        "755--777",
  year =         "2000"
}

@inproceedings{Cheney-01,
    author = "J. Cheney",
    title = "Compressing XML with Multiplexed Hierarchical PPM Models",
    booktitle = "Proceedings of IEEE Data Compression Conference",
    pages = "163-72",
    year = "2001",
}

@Article{Manning-97a,
  author =       "C. G. Nevill-Manning and I. H. Witten",
  title =        "Compression and Explanation Using Hierarchical Grammars",
  journal =      "Computer Journal",
  volume =       "40",
  pages =        "103--116",
  year =         "1997"
}

@Article{Manning-97b,
  author =       "C. G. Nevill-Manning and I. H. Witten",
  title =        "Identifying Hierarchical Structure in Sequences: A Linear-time Algorithm",
  journal =      "Journal of Artificial Intelligence Research",
  volume =       "7",
  pages =        "67--82",
  year =         "1997"
}

@Article{Cormack-84,
  author =       "G. V. Cormack and R. N. S. Horspool",
  title =        "Data Compression Using Dynamic Markov modelling",
  journal =      "The Computer Journal",
  volume =       "30",
  pages =        "541--550",
  year =         "1984"
}

@Article{Mover-73,
  author =       "T. M. Mover",
  title =        "Enumerative Source Encoding",
  journal =      "IEEE Transactions on Information Theory",
  volume =       "19",
  pages =        "73--77",
  year =         "1973"
}

@Article{Moffat-98,
  author =       "A. Moffat and I. H. Witten",
  title =        "Arithmetic Coding Revisited",
  journal =      "ACM Transactions on Information Systems",
  volume =       "16",
  pages =        "256--294",
  year =         "1998"
}

@Article{Cleary-84,
  author =       "J. G. Cleary and I. H. Witten",
  title =        "Data Compression Using Adaptive Coding and Partial String Matching",
  journal =      "IEEE Transactions on Communication",
  volume =       "32",
  pages =        "396--402",
  year =         "1984"
}


@techreport{Levene-02,
  author =       "M. Levene and P. Wood",
  title =        "XML structure compression",
  number =       "BBKCS-02-05",
  institution =  "Birkbeck College, University of London",
  year =         "2002"
}


@inproceedings{Cannataro-01,
  author =       "Mario Cannataro and Gianluca Carelli and Andrea Pugliese and Domenico Sacc\`{a}",
  title =        "Semantic Lossy Compression of {XML} Data",
  booktitle =    "Knowledge Representation Meets Databases",
  year =         "2001"
}


@inproceedings{Girardot-00,
  author =       "M. Girardot and N. Sundaresan",
  title =        "Millau: An Encoding Format for Efficient Representation and Exchange of XML Documents over the WWW",
  booktitle =    "Proceedings of the 9th international World Wide Web conference on Computer networks",
  pages =        "747--765",
  year =         "2000"
}

@inproceedings{Tolani-02,
  author =       "P. Tolani and J. R. Haritsa",
  title =        "XGrind: A Query-friendly XML Compressor",
  booktitle =    "Proceedings of 18th IEEE International Conference on Data Engineering",
  pages =        "225--234",
  year =         "2002"
}

@inproceedings{Suciu-98,
  author =       "Dan Suciu",
  title =        "Semistructured Data and {XML}",
  booktitle =    "Proceedings of the 5th International Conference on Foundations of Data Organization and Algorithms",
  pages =        "\XXX{0-}",
  year =         "1998"
}


@article{Fernau-01,
  author =       "H. Fernau",
  title =        "Learning XML Grammars",
  journal =      "Machine Learning and Data Mining in Pattern Recognition MLDM'01",
  volume =       "2123",
  pages =        "73--87",
  publisher =    "Springer Verlag",
  year =         "2001",
}

